@online{PRM_magnet_came_off,
	author = {Yoshinori Fujii},
	title = {PRM inspection, one magnet had come off},
	date = {28 February 2019},
	note = {\url{https://klog.icrr.u-tokyo.ac.jp/osl/?r=8255}},
}

@online{MICH_got_locked,
	author = {Masayuki Nakano},
	title = {MICH get locked for 45 min!!},
	date = {22 February 2019},
	note = {\url{https://klog.icrr.u-tokyo.ac.jp/osl/?r=8182}}
}

@online{SR2_oplev_diagonalization,
	author = {Terrence Tsang},
	title = {SR2 OPLEV diagonalization},
	date = {14 March 2019},
	note = {\url{https://klog.icrr.u-tokyo.ac.jp/osl/?r=8411}}
}

@online{Comment_SR2_oplev,
	author = {Mark Barton},
	title = {Comment to SR2 OPLEV diagonalization},
	date = {15 March 2019},
	note = {\url{https://klog.icrr.u-tokyo.ac.jp/osl/?r=8419}}
}

@online{prequa,
	author = {Masayuki Nakano},
	title = {PReQua},
	date = {},
	note = {\url{https://gwdoc.icrr.u-tokyo.ac.jp/cgi-bin/private/DocDB/ShowDocument?docid=11861}}
}

@phdthesis{Sekiguchi:2016bmv,
	author = "Sekiguchi, T.",
	title = "{Study of Low Frequency Vibration Isolation System for Large Scale Gravitational Wave Detectors}",
	school = "Tokyo U.",
	year = "2016"
}